<?xml version="1.0" encoding="UTF-8"?><collection><record><leader>08091ntm a2200625 a 4500</leader><controlfield tag="001">006806619</controlfield><controlfield tag="003">MiAaHDL</controlfield><controlfield tag="005">20190719000000.0</controlfield><controlfield tag="006">m        d        </controlfield><controlfield tag="007">cr bn ---auaua</controlfield><controlfield tag="008">090603s1637    xx            00| ||ara d</controlfield><datafield tag="035" ind1=" " ind2=" "><subfield code="a">(MiU)006806619</subfield></datafield><datafield tag="035" ind1=" " ind2=" "><subfield code="a">sdr-miu006806619</subfield></datafield><datafield tag="040" ind1=" " ind2=" "><subfield code="a">MiU</subfield><subfield code="c">MiU</subfield><subfield code="e">amremm</subfield></datafield><datafield tag="043" ind1=" " ind2=" "><subfield code="a">n-us-mi</subfield></datafield><datafield tag="100" ind1="1" ind2=" "><subfield code="6">880-01</subfield><subfield code="a">Ibn ʻAẓẓūm, ʻAbd al-Jalīl ibn Muḥammad,</subfield><subfield code="d">-1552 or 1553.</subfield></datafield><datafield tag="240" ind1="1" ind2="0"><subfield code="6">880-02</subfield><subfield code="a">Tanbīh al-anām wa-shifāʼ al-asqām fī bayān ‘ulūw maqām nabīyinā Muḥammad ʻalayhi al-salām</subfield></datafield><datafield tag="245" ind1="1" ind2="0"><subfield code="6">880-03</subfield><subfield code="a">Hādhā Kitāb Tanbīh al-anām wa-shifāʼ al-asqām fī bayān ‘ulūw maqām nabīyinā Muḥammad ʻalayhi al-salām,</subfield><subfield code="f">[1047, i.e. 1637].</subfield></datafield><datafield tag="246" ind1="3" ind2=" "><subfield code="6">880-05</subfield><subfield code="i">Title from opening matter (preface) on p.9:</subfield><subfield code="a">شفاء الاسقام ومحو الاثام في الصلاة على خير الانام</subfield></datafield><datafield tag="246" ind1="3" ind2=" "><subfield code="6">880-04</subfield><subfield code="i">Title from opening matter (preface) on p.9:</subfield><subfield code="a">تنبه الانام في بيان علو مقام نبينا محمد عليه افضل وازكى السلام</subfield></datafield><datafield tag="260" ind1=" " ind2=" "><subfield code="c">[1637].</subfield></datafield><datafield tag="300" ind1=" " ind2=" "><subfield code="a">147 leaves :</subfield><subfield code="b">paper ;</subfield><subfield code="c">235 x 209 (190 x 145) mm.</subfield></datafield><datafield tag="500" ind1=" " ind2=" "><subfield code="a">Shelfmark: Ann Arbor, University of Michigan, Special Collections Library, Isl. Ms. 478</subfield></datafield><datafield tag="500" ind1=" " ind2=" "><subfield code="a">Origin: As appears in colophons on p.295 and p.296, copied by Muḥammad ibn ʻAlī ibn Abī ʻAbd Allāh al-Rābiṭī [?] al-Tilimsānī with transcription completed in the first part of Ṣafar 1047 [?] [June-July 1637].</subfield></datafield><datafield tag="500" ind1=" " ind2=" "><subfield code="a">Accompanying materials: a. Acquisitions slip from Yahuda (paginated pp.1-2) -- b. Inventory cataloguing slip in hand of Winifred Smeaton Thomas (paginated pp.3-4).</subfield></datafield><datafield tag="500" ind1=" " ind2=" "><subfield code="a">Former shelfmark: From inner front cover and spine label, "IL 60b" (likely supplied by Yahuda, see acquisitions slip).</subfield></datafield><datafield tag="500" ind1=" " ind2=" "><subfield code="a">Binding: Pasteboards covered in brown leather with and dark red leather over spine and fore edge flap (likely repairs) ; Type II binding (with flap) ; board linings in pale pink or beige laid paper ; upper and lower covers carry blind-stamped (with now beige paper onlays) mandorla (filled with symmetrical vegetal composition) with tooled rosette accents (small circular and large eight petaled) and tooled rules ; now sewn in white thread, two stations ; worked chevron endbands in dark navy blue and yellow, quite good condition ; overall in somewhat fair condition with some abrasion, staining, etc.</subfield></datafield><datafield tag="500" ind1=" " ind2=" "><subfield code="a">Support: European laid paper with 8 laid lines per cm. (vertical), chain lines spaced 36-39 mm. apart (horizontal) and any watermarks not visible ; sturdy and fairly transluscent though thick, well-burnished to glossy with burnisher's marks visible ; staining and tide lines.</subfield></datafield><datafield tag="500" ind1=" " ind2=" "><subfield code="a">Decoration: Elegant headpiece at opening on p.6 consisting of rectangular piece carrying title in red and green, bordered in vegetal design of alternating green and red leaves, set off by palmette (ansa) ; section headings and keywords (mainly اللهم and محمد ) rubricated or in orange-red, green or yellow ink, varying by line ; textual dividers in the form of three red dots ; tailpieces at close of the first quarter (p.82), the first half (p.151), the third quarter (p.224) and close on p.296 ; final tailpiece consists of rectangular panel carrying title in black with yellow, red, and green accents, surrounded by a border in yellow with black geometric pattern and palmette cornerpieces and ansa (in green, yellow, red and black).</subfield></datafield><datafield tag="500" ind1=" " ind2=" "><subfield code="a">Script: Maghribī script ; an elegant hand with occasional very slight inclination to the left and swooping descenders.</subfield></datafield><datafield tag="500" ind1=" " ind2=" "><subfield code="a">Layout: Written in 23 lines per page.</subfield></datafield><datafield tag="500" ind1=" " ind2=" "><subfield code="a">Collation: 11 VI (132), VI+3 (147) ; almost exclusively senions / sexternions ; p.175 left blank and marked (possibly by Yahuda) "بياض بالاصل والتعصيبة في قفاها" ; catchwords present ; pagination in pencil, Western numerals, supplied during digitization (includes inserts).</subfield></datafield><datafield tag="500" ind1=" " ind2=" "><subfield code="a">Colophon: "Scribal," triangular, reads "على يد ... محمد بن علي بن ابي عبد الله الرابطي [؟] التلمساني ... غفر الله له ولوالديه ولمشايخه وازواجه وذرياته ولقرابته ولاخوانه المؤمنين والمؤمنات والمسلمين والمسلمات الاحياء منهم والاموات ... كمل كتاب تنبيه الانام وشفاء الاسقام في بيان علو مقام نبينا محمد عليه السلام والله الموفق وكان الفراغ من هذه الصلوات المباركة يوم السبت عند الضحى في اوائل شهر الله المعظم صفر عام ۱۰۴۷ [؟] عرفنا الله خيره وكفانا شره بجاه محمد صلى الله عليه وسلم"</subfield></datafield><datafield tag="500" ind1=" " ind2=" "><subfield code="a">Explicit: "يا رب العالمين وصل اللهم بجلالك وسلم وبارك على سيدنا ومولانا محمد خاتم النبيين وامام المرسلين وعلى اله الطيبين والحمد لله رب العالمين"</subfield></datafield><datafield tag="500" ind1=" " ind2=" "><subfield code="a">Incipit: "الحمد لله الذي زين سماء الاذكار بالصلاة على النبي المختار واطلع من سنا انوارها مطالع الشموس والاقمار ... وبعد فانه لما كانت الصلاة على النبي الاكرم والرسول المعظم صلى الله عليه وسلم ... وسميتها تنبيه الانام في بيان علو مقام نبينا محمد عليه افضل وازكى السلام وربما [؟] سميتها ايضا شفاء الاسقام ومحو الاثام في الصلاة على خير الانام ..."</subfield></datafield><datafield tag="500" ind1=" " ind2=" "><subfield code="a">Title from headpiece at opening on p.6 and tailpiece at colophon on p.296.</subfield></datafield><datafield tag="500" ind1=" " ind2=" "><subfield code="a">Ms. codex.</subfield></datafield><datafield tag="510" ind1="4" ind2=" "><subfield code="a">Ḥājjī Khalīfah. Kashf al-ẓunūn,</subfield><subfield code="c">ii 426 ; vii 683</subfield></datafield><datafield tag="520" ind1="8" ind2=" "><subfield code="a">Elegant Maghribī copy of a collection of prayers for the Prophet.</subfield></datafield><datafield tag="538" ind1=" " ind2=" "><subfield code="a">Mode of access: Internet.</subfield></datafield><datafield tag="541" ind1=" " ind2=" "><subfield code="a">Acquired in 1926 from the bookseller Isaac Benjamin S.E. Yahuda via purchase transacted on his behalf by Abraham Shalom Yahuda (1877-1951), his younger brother.</subfield></datafield><datafield tag="546" ind1=" " ind2=" "><subfield code="a">Arabic.</subfield></datafield><datafield tag="561" ind1=" " ind2=" "><subfield code="a">Former readers' statements (indicating number of times completed) on 'title page' (p.5) in name of Muḥammad ... ibn ʻAbd al-Raḥmān ibn ʻAbd Allāh ibn Aḥmad ( محمد ... بن عبد الرحمن بن عبد الله بن احمد ...) and in name of Muḥammad ibn Ḥāmid ibn Ghānim ibn Yūsuf ... ( محمد بن حامد بن غانم بن يوسف ... ) ; shahādah statement at close in name of Muḥammad ibn Muḥammad al-Ḥassānī ( محمد بن محمد الحساني ) dated 1255 [1839 or 40] ; occasional marginal corrections.</subfield></datafield><datafield tag="600" ind1="0" ind2="0"><subfield code="a">Muḥammad,</subfield><subfield code="c">Prophet,</subfield><subfield code="d">-632</subfield><subfield code="v">Prayers and devotions</subfield><subfield code="v">Early works to 1800.</subfield></datafield><datafield tag="650" ind1=" " ind2="0"><subfield code="a">Manuscripts, Arabic</subfield><subfield code="z">Michigan</subfield><subfield code="z">Ann Arbor.</subfield></datafield><datafield tag="650" ind1=" " ind2="0"><subfield code="a">Islam</subfield><subfield code="v">Prayers and devotions</subfield><subfield code="v">Early works to 1800.</subfield></datafield><datafield tag="655" ind1=" " ind2="7"><subfield code="a">Headpieces (layout features)</subfield><subfield code="y">17th century.</subfield><subfield code="2">aat</subfield></datafield><datafield tag="700" ind1="0" ind2=" "><subfield code="6">880-07</subfield><subfield code="a">Muḥammad ibn ‘Alī ibn Abī ‘Abd Allah al-Rābiṭī al-Tilimsānī,</subfield><subfield code="d">fl. 1637,</subfield><subfield code="e">scribe.</subfield></datafield><datafield tag="773" ind1="0" ind2=" "><subfield code="a">Yahuda Collection.</subfield></datafield><datafield tag="880" ind1="0" ind2=" "><subfield code="6">700-07/</subfield><subfield code="a">محمد بن علي بن ابي عبد الله الرابطي التلمساني,</subfield><subfield code="e">ناسخ.</subfield></datafield><datafield tag="880" ind1="3" ind2=" "><subfield code="6">246-05/</subfield><subfield code="a">Shifāʼ al-asqām wa-maḥw al-āthām fī al-ṣalāh ʻalá khayr al-anām</subfield></datafield><datafield tag="880" ind1="3" ind2=" "><subfield code="6">246-04/</subfield><subfield code="a">Tanbīh al-anām fī bayān ‘ulūw maqām nabīyinā Muḥammad ʻalayhi afḍal wa-ʼazká al-salām</subfield></datafield><datafield tag="880" ind1="1" ind2="0"><subfield code="6">245-03/</subfield><subfield code="a">هذا كتاب تنبيه الانام وشفاء الاسقام في بيان علو مقام نبينا محمد عليه السلام,</subfield><subfield code="f">[1047ه، 1637م].</subfield></datafield><datafield tag="880" ind1="1" ind2="0"><subfield code="6">240-02/</subfield><subfield code="a">تنبيه الانام وشفاء الاسقام في بيان علو مقام نبينا محمد عليه السلام</subfield></datafield><datafield tag="880" ind1="1" ind2=" "><subfield code="6">100-01/</subfield><subfield code="a">ابن عظوم، عبد الجليل بن محمد.</subfield></datafield><datafield tag="CID" ind1=" " ind2=" "><subfield code="a">006806619</subfield></datafield><datafield tag="DAT" ind1="0" ind2=" "><subfield code="a">20190719102637.0</subfield><subfield code="b">20190719000000.0</subfield></datafield><datafield tag="DAT" ind1="1" ind2=" "><subfield code="a">20190719090653.0</subfield><subfield code="b">2019-07-19T16:10:25Z</subfield></datafield><datafield tag="DAT" ind1="2" ind2=" "><subfield code="a">2015-10-02T18:00:03Z</subfield></datafield><datafield tag="CAT" ind1=" " ind2=" "><subfield code="a">SDR-MIU</subfield><subfield code="d">EX LIBRIS - ALEPH</subfield><subfield code="l">prepare.pl-004-008</subfield></datafield><datafield tag="FMT" ind1=" " ind2=" "><subfield code="a">BK</subfield></datafield><datafield tag="HOL" ind1=" " ind2=" "><subfield code="0">sdr-miu006806619</subfield><subfield code="a">MiU</subfield><subfield code="b">SDR</subfield><subfield code="c">MIU</subfield><subfield code="p">mdp.39015079127901</subfield><subfield code="s">MIU</subfield><subfield code="1">006806619</subfield></datafield><datafield tag="974" ind1=" " ind2=" "><subfield code="b">MIU</subfield><subfield code="c">MIU</subfield><subfield code="d">20190719</subfield><subfield code="s">lit-dlps-dc</subfield><subfield code="u">mdp.39015079127901</subfield><subfield code="y">1637</subfield><subfield code="r">pd</subfield><subfield code="q">bib</subfield><subfield code="t">non-US bib date1 &lt; 1879</subfield></datafield></record></collection>